
@misc{LLVMPass,
    author    = "LLVM Compiler Infrastructture Project Team",
    title     = "Writing An LLVM Pass",
    howpublished = "\url{http://llvm.org/docs/WritingAnLLVMPass.html}"
}

@misc{PALecture,
    author    = "Kwangkeun Yi",
    title     = "Program Analysis: Theories and Practices",
    howpublished = "\url{http://ropas.snu.ac.kr/~kwang/4541.664A/17/}"
}


@article{framework,
  title={Abstract interpretation frameworks},
  author={Cousot, Patrick and Cousot, Radhia},
  journal={Journal of logic and computation},
  volume={2},
  number={4},
  pages={511--547},
  year={1992},
  publisher={Oxford Univ Press}
}

@inproceedings{abstract,
  title={Abstract interpretation: a unified lattice model for static analysis
    of programs by construction or approximation of fixpoints},
  author={Cousot, Patrick and Cousot, Radhia},
  booktitle={Proceedings of the 4th ACM SIGACT-SIGPLAN symposium on
    Principles of programming languages},
  pages={238--252},
  year={1977},
  organization={ACM}
}
